@book{chowdhary2025smart,
  title     = {Smart Computing Techniques in Industrial IoT},
  author    = {Chowdhary, Chiranji Lal and Tripathy, Asis Kumar and Wu, Yulei},
  year      = {2025},
  publisher = {Springer},
  volume    = {1172}
}

@article{fill2020blockchain,
  title     = {Blockchain kompakt},
  author    = {Fill, Hans-Georg and Meier, Andreas},
  journal   = {Grundlagen, Anwendungsoptionen und kritische Bewertung,},
  year      = {2020},
  publisher = {Springer}
}

@article{pirafelnerblockchaintechnologie,
  title  = {Blockchaintechnologie im Banken-und Finanzsektor},
  author = {Pirafelner, Alexander},
  year   = {2020}
}

@mastersthesis{muller2018chancen,
  title={Chancen und Risiken der Distributed Ledger Technologie im Finanzsektor mit Fokus auf die Anwendungsbereiche Zahlungsverkehr und Wertpapierhandel},
  author={M{\"u}ller, Manuel},
  type={{B.S.} thesis},
  year={2018}
}

@article{mielke2019smart,
  title={Smart Contracts und das Internet of Things. Aktuelle Entwicklungen, rechtliche und technische Perspektiven},
  author={Mielke, Bettina and Wolff, Christian},
  year={2019},
  publisher={Editions Weblaw}
}

